%% This BibTeX bibliography file was created using BibDesk.
%% http://bibdesk.sourceforge.net/

%% Created for Vitalii Kleshchevnikov at 2017-05-12 17:34:29 +0100 


%% Saved with string encoding Unicode (UTF-8) 



@manual{PSICQUIC,
	Author = {Paul Shannon},
	Date-Added = {2017-05-12 16:34:10 +0000},
	Date-Modified = {2017-05-12 16:34:23 +0000},
	Note = {R package version 1.14.0},
	Title = {PSICQUIC: Proteomics Standard Initiative Common QUery InterfaCe},
	Year = {2017}}
